<record><leader>00000cas a22000007a 4500</leader><controlfield tag="001">15117812</controlfield><controlfield tag="008">870127d19341939inuwr ne      0    0eng d</controlfield><datafield ind1=" " ind2=" " tag="010"><subfield code="a">sn 87055638 </subfield></datafield><datafield ind1=" " ind2=" " tag="040"><subfield code="a">NPI</subfield><subfield code="b">eng</subfield><subfield code="c">NPI</subfield><subfield code="d">OCLCQ</subfield><subfield code="d">IUL</subfield><subfield code="d">OCLCF</subfield></datafield><datafield ind1=" " ind2=" " tag="042"><subfield code="a">msc</subfield></datafield><datafield ind1=" " ind2=" " tag="043"><subfield code="a">n-us-in</subfield></datafield><datafield ind1="0" ind2="0" tag="245"><subfield code="a">Hobart index combined with the Commonwealth.</subfield></datafield><datafield ind1="3" ind2="0" tag="246"><subfield code="a">Hobart index</subfield></datafield><datafield ind1="3" ind2="0" tag="246"><subfield code="a">Commonwealth</subfield></datafield><datafield ind1="1" ind2="3" tag="246"><subfield code="a">Hobart index-commonwealth</subfield></datafield><datafield ind1="1" ind2="7" tag="246"><subfield code="a">Index-Commonwealth</subfield></datafield><datafield ind1=" " ind2=" " tag="260"><subfield code="a">Hobart, Ind. :</subfield><subfield code="b">Index,</subfield><subfield code="c">1934-1939.</subfield></datafield><datafield ind1=" " ind2=" " tag="300"><subfield code="a">5 volumes</subfield></datafield><datafield ind1=" " ind2=" " tag="310"><subfield code="a">Weekly</subfield></datafield><datafield ind1="0" ind2=" " tag="362"><subfield code="a">Vol. 10, no. 29 (May 24, 1934)-v. 15, no. 11 (Jan. 12, 1939).</subfield></datafield><datafield ind1=" " ind2="0" tag="651"><subfield code="a">Hobart (Ind.)</subfield><subfield code="v">Newspapers.</subfield></datafield><datafield ind1=" " ind2="0" tag="651"><subfield code="a">Lake County (Ind.)</subfield><subfield code="v">Newspapers.</subfield></datafield><datafield ind1=" " ind2="7" tag="651"><subfield code="a">Indiana</subfield><subfield code="z">Hobart.</subfield><subfield code="2">fast</subfield><subfield code="0">(OCoLC)fst01235235</subfield></datafield><datafield ind1=" " ind2="7" tag="651"><subfield code="a">Indiana</subfield><subfield code="z">Lake County.</subfield><subfield code="2">fast</subfield><subfield code="0">(OCoLC)fst01218109</subfield></datafield><datafield ind1=" " ind2="7" tag="655"><subfield code="a">Newspapers.</subfield><subfield code="2">fast</subfield><subfield code="0">(OCoLC)fst01423814</subfield></datafield><datafield ind1=" " ind2=" " tag="752"><subfield code="a">United States</subfield><subfield code="b">Indiana</subfield><subfield code="c">Lake</subfield><subfield code="d">Hobart.</subfield></datafield><datafield ind1="0" ind2="7" tag="785"><subfield code="t">Hobart news-gazette (Hobart, Ind.)</subfield><subfield code="w">(DLC)sn 87055632</subfield><subfield code="w">(OCoLC)15118073</subfield></datafield><datafield ind1="0" ind2="7" tag="785"><subfield code="t">Hobart gazette (Hobart, Ind. : 1939)</subfield><subfield code="w">(DLC)sn 87055633</subfield><subfield code="w">(OCoLC)15117860</subfield></datafield></record>